@misc{WEBSITEWITHRECIPE:1,
	author = {Author},
	title = {Title},
	year = {2019},
    howpublished = {\url{https://whatever.com}},
    note = {Accessed: January 25, 2023},
}