@misc{MAANGCHI,
	author = {Maangchi},
	title = {Fermented soybean paste stew},
	year = {2016},
    howpublished = {\url{https://www.maangchi.com/recipe/doenjang-jjigae}},
    note = {Accessed: February 9, 2023},
}

@misc{FISHSTOCK,
	author = {Amy + Jacky},
	title = {Instant Pot Fish Stock (Anchovy Stock)},
	year = {2016},
    howpublished = {\url{https://www.pressurecookrecipes.com/instant-pot-fish-stock}},
    note = {Accessed: February 9, 2023},
}