@misc{WEBSITEWITHRECIPE:1,
	author = {The Modern Proper},
	title = {Low-Carb Chicken Divan},
	year = {2019},
    howpublished = {https://themodernproper.com/low-carb-chicken-divan},
    note = {Accessed: January 25, 2023},
}